<?xml version="1.0" encoding="UTF-8"?><collection xmlns="http://www.loc.gov/MARC21/slim"><record><leader>00585nam--2200181-i-4500</leader><controlfield tag="001">000035220</controlfield><controlfield tag="002">20161230</controlfield><controlfield tag="005">20161230201040</controlfield><controlfield tag="008">060222s1000------------r-----000-0-eng-d</controlfield><datafield ind1=" " ind2=" " tag="040"><subfield code="a">IFIN-HH</subfield></datafield><datafield ind1="1" ind2=" " tag="100"><subfield code="a">Korganoff, Andre</subfield></datafield><datafield ind1="1" ind2="0" tag="245"><subfield code="a">Methodes de calcul numerique. vol.2: elements de theorie des matrices carrees et rectangles en analyse numerique</subfield><subfield code="c">Andre korganoff, monica pavel-parvu</subfield></datafield><datafield ind1=" " ind2=" " tag="260"><subfield code="a">Paris</subfield><subfield code="b">Dunod</subfield><subfield code="c">1961</subfield></datafield><datafield ind1=" " ind2=" " tag="300"><subfield code="a">XVII + 441 p</subfield></datafield><datafield ind1=" " ind2=" " tag="490"><subfield code="a">Methodes De Calcul Numerique</subfield></datafield><datafield ind1="1" ind2=" " tag="700"><subfield code="a">Pavel-parvu, Monica</subfield></datafield><datafield ind1=" " ind2=" " tag="852"><subfield code="a">17443</subfield><subfield code="c">518.12</subfield></datafield><datafield ind1=" " ind2=" " tag="CAT"><subfield code="a">Sys</subfield><subfield code="c">20130814</subfield><subfield code="h">121947</subfield></datafield></record></collection>